@book{patterson2016computer,
  title={Computer Organization and Design ARM Edition: The Hardware Software Interface},
  author={Patterson, D.A. and Hennessy, J.L.},
  isbn={9780128018354},
  series={ISSN},
  year={2016},
  publisher={Elsevier Science}
}

@misc{legv8simARMrepo,
    title={Graphical Micro-Architecture Simulator.},
    author={Arm Limited},
    howpublished={\url{https://www.arm.com/resources/education/education-kits/legv8}}
}

@misc{legv8simARMrepogit,
    title={Graphical Micro-Architecture Simulator.},
    author={Arm Limited},
    howpublished={\url{https://github.com/arm-university/Graphical-Micro-Architecture-Simulator}}
}

@misc{armweb,
    author={Arm Holdings plc.},
    howpublished={\url{https://www.arm.com/}}
}

@misc{mavenweb,
    author={The Apache Software Foundation},
    title={The Apache Maven Project},
    howpublished={\url{https://maven.apache.org/}}
}

@misc{gwtweb,
       author={The GWT Project},
        howpublished={\url{https://www.gwtproject.org}}
}

@misc{gwt2.7web,
       author={The GWT Project},
        title={GWT 2.7 Release Notes},
        howpublished={\url{https://www.gwtproject.org/release-notes.html#Release_Notes_2_7_0}}
}

@misc{web:gwt2.11,
       author={The GWT Project},
        title={GWT 2.11 Release Notes},
        howpublished={\url{https://www.gwtproject.org/release-notes.html#Release_Notes_2_11_0}}
}

@misc{web:gwtnewtutorial,
    author={The GWT Project},
    howpublished={\url{https://www.gwtproject.org/gettingstarted-v2.html}}
}

@misc{computerdefweb,
    author={Hemmendinger and David and Freiberger and Paul A. and Pottenger and William Morton and Swaine and Michael R. .},
    title={"computer"},
    publisher={Encyclopedia Britannica},
    howpublished={\url{https://www.britannica.com/technology/computer}},
    year={2024}
}

@misc{harvardarchweb,
    title={The Harvard Architecture},
    howpublished={\url{https://en.wikipedia.org/wiki/Harvard_architecture}}
}

@misc{riscvweb,
    title={History of RISC-V} ,
    author={RISC-V International},
    howpublished={\url{https://riscv.org/about/history/}}
}

@misc{ieee754,
    title={The IEEE-754-2019 Specification} ,
    author={IEEE Standards Association},
    howpublished={\url{https://standards.ieee.org/ieee/754/6210/}} 
}

@misc{githubweb,
        author={GitHub},
        howpublished={\url{https://github.com}}
}

@misc{gitweb,
    author={Git},
    howpublished={\url{https://git-scm.com/}}}

@misc{web:eclipse,
    author={The Eclipse Foundation},
    howpublished={\url{https://eclipseide.org/}}
}

@misc{web:eclipsegwtplugin,
    author={The GWT Project},
    howpublished={\url{https://www.gwtproject.org/usingeclipse.html}}
}

@misc{ wiki:jvm,
   author = "Wikipedia",
   title = "Java virtual machine",
   howpublished = "\url{https://en.wikipedia.org/wiki/Java_virtual_machine}",
}

@misc{web:acegwtgit,
author={daveho},
title={AceGWT},
    howpublished={\url{https://github.com/daveho/AceGWT}} 
}

@misc{web:ace,
    title={Ace},
howpublished={\url{https://ace.c9.io/}}
}

@misc{web:amazoncorretto8,
    author={Amazon},
    howpublished={\url{https://aws.amazon.com/it/corretto/}}
}

@misc{web:apachefoundation,
    author={The Apace Software Foundation},
    howpublished={\url{https://apache.org/}}
}

@misc{web:bitmask,
publisher={StackOverflow.com},
    author={Maarten Bodewes},
    howpublished={\url{https://stackoverflow.com/a/55752928}},
}

@misc{web:armv8ieeejumpcodes,
    author={Jacob Bramley},
    howpublished={\url{https://community.arm.com/arm-community-blogs/b/architectures-and-processors-blog/posts/condition-codes-4-floating-point-comparisons-using-vfp}}
}

@misc{web:setuptutorialoriginal,
    author={Simone Deiana},
    howpublished={\url{https://github.com/arm-university/Graphical-Micro-Architecture-Simulator/pull/7#issue-2031433977}}
}

@misc{web:eclipse202309,
    author={Eclipse Foundation},
    howpublished={\url{https://www.eclipse.org/downloads/packages/release/2023-09/r}} 
}

@misc{web:gwtplugingit,
    author={The GWT Project} ,
    howpublished = {\url{https://github.com/gwt-plugins/gwt-eclipse-plugin}} 
}

@misc{web:gwtplugin4.0,
    author={The GWT Project} ,
    howpublished = {\url{https://github.com/gwt-plugins/gwt-eclipse-plugin/releases/tag/v4.0.0}} 
}

@misc{web:gwtreleases,
    author={The GWT Project} ,
    howpublished = {\url{https://www.gwtproject.org/versions.html}}
}

@misc{web:gwtdtd2.7,
    author = {The GWT Project} ,
    howpublished = {\url{http://gwtproject.org/doctype/2.7.0/gwt-module.dtd}}
}

@misc{web:gwtdtd2.8.2,
    author = {The GWT Project} ,
    howpublished = {\url{http://gwtproject.org/doctype/2.8.2/gwt-module.dtd}}
}